<?xml version="1.0" encoding="UTF-8"?><collection xmlns="http://www.loc.gov/MARC21/slim"><record><leader>00399nam--2200145-i-4500</leader><controlfield tag="001">000044913</controlfield><controlfield tag="002">20161230</controlfield><controlfield tag="005">20161230201044</controlfield><controlfield tag="008">060222s1000------------r-----000-0-eng-d</controlfield><datafield ind1=" " ind2=" " tag="080"><subfield code="a">621.3.01:015</subfield></datafield><datafield ind1=" " ind2=" " tag="100"><subfield code="a">Thouzery, Jean</subfield></datafield><datafield ind1=" " ind2=" " tag="245"><subfield code="a">Une systematique d`admittance dans la methode de kron</subfield></datafield><datafield ind1=" " ind2=" " tag="260"><subfield code="a">Orsay, Laboratoire D`Electronique, 1963, 88p</subfield></datafield><datafield ind1=" " ind2=" " tag="490"><subfield code="a">Orsay, Serie A. No.5</subfield></datafield><datafield ind1=" " ind2=" " tag="852"><subfield code="a">38001</subfield></datafield></record></collection>